<?xml version="1.0" encoding="UTF-8"?><collection xmlns="http://www.loc.gov/MARC21/slim"><record><leader>00428nam--2200157-i-4500</leader><controlfield tag="001">000014284</controlfield><controlfield tag="002">20161230</controlfield><controlfield tag="005">20170225194543</controlfield><controlfield tag="008">060222s1000------------r-----000-0-eng-d</controlfield><datafield ind1=" " ind2=" " tag="245"><subfield code="a">Discrete mathematics</subfield></datafield><datafield ind1=" " ind2=" " tag="260"><subfield code="a">Warszawa</subfield><subfield code="b">Pwn-polish Scientific Publ</subfield><subfield code="c">1982</subfield></datafield><datafield ind1=" " ind2=" " tag="300"><subfield code="a">224 p</subfield></datafield><datafield ind1=" " ind2=" " tag="490"><subfield code="a">Banach Center Publications</subfield><subfield code="v">Vol. 7</subfield></datafield><datafield ind1=" " ind2=" " tag="700"><subfield code="a">Michalewicz, M</subfield></datafield><datafield ind1=" " ind2=" " tag="852"><subfield code="a">519.713:519.17:681.5.012</subfield></datafield><datafield ind1=" " ind2=" " tag="CAT"><subfield code="a">SYS</subfield><subfield code="c">20170225</subfield><subfield code="h">194543</subfield></datafield></record></collection>